@online{A1,
author={Wikipedia,the free encyclopedia},
title={Google Drive},
month={25 February},
year={ 2018},
url={https://en.wikipedia.org/wiki/Google-Drive}
}
@online{A2,
author={Max Parker},
title={Whatâ€™s the best cloud storage service to use?},
month={5 May},
year={ 2015},
url={http://www.trustedreviews.com/opinion/google-drive-vs-icloud-drive-vs-dropbox-vs-onedrive}
}
@online{A3,
author={Google Drive},
title={Your stuff, your way - Drive Features},
year={ 2018},
url={https://www.google.com/drive/}
}
@online{A4,
author={ Michael Muchmore and Jill Duffy},
title={Google Drive},
month={19 July},
year={ 2017},
url={https://www.pcmag.com/article2/0,2817,2403546,00.asp}
}
@online{A5,
author={Joseph Gildred},
title={A Step-by-Step No-Nonsense Guide on How Google Drive Works},
month={22 dec},
year={ 2017},
url={https://www.cloudwards.net/how-does-google-drive-work}
}
@online{A6,
author = {Stuart Andrews},
title = {Google Drive review},
month={22 feb}
year = {2015},
url = {http://www.cloudpro.co.uk/iaas/cloud-storage/3325/google-drive-review}
}

